<record><leader>00000cas a22000007a 4500</leader><controlfield tag="001">11163246</controlfield><controlfield tag="008">840917d18741946inuwr ne      0    0eng d</controlfield><controlfield tag="009">3768</controlfield><datafield ind1=" " ind2=" " tag="010"><subfield code="a">sn 84037938 </subfield></datafield><datafield ind1=" " ind2=" " tag="040"><subfield code="a">NPX</subfield><subfield code="b">eng</subfield><subfield code="c">NPX</subfield><subfield code="d">NPI</subfield></datafield><datafield ind1="1" ind2=" " tag="029"><subfield code="a">AU@</subfield><subfield code="b">000025816987</subfield></datafield><datafield ind1=" " ind2=" " tag="042"><subfield code="a">msc</subfield></datafield><datafield ind1="0" ind2="0" tag="245"><subfield code="a">Martinsville Republican.</subfield></datafield><datafield ind1=" " ind2=" " tag="260"><subfield code="a">Martinsville, Ind. :</subfield><subfield code="b">Jas. G. Bain,</subfield><subfield code="c">1874-</subfield></datafield><datafield ind1=" " ind2=" " tag="300"><subfield code="a">v.</subfield></datafield><datafield ind1=" " ind2=" " tag="310"><subfield code="a">Weekly</subfield></datafield><datafield ind1=" " ind2=" " tag="321"><subfield code="a">Weekly</subfield><subfield code="b">1874-Mar. 1889</subfield></datafield><datafield ind1=" " ind2=" " tag="321"><subfield code="a">Semiweekly,</subfield><subfield code="b">Mar.-Aug. 1889</subfield></datafield><datafield ind1="0" ind2=" " tag="362"><subfield code="a">Vol. 5, no. 12 (Nov. 19, 1874)-</subfield></datafield><datafield ind1="1" ind2=" " tag="362"><subfield code="a">Ceased in 1946.</subfield><subfield code="z">Cf. Miller, John W.  Indiana newspaper bibliog.</subfield></datafield><datafield ind1=" " ind2=" " tag="500"><subfield code="a">Editors: James G. Bain, &lt;1876&gt;; W.W. Kennedy; A.W. Macy; Shell Parks; C.S. Crary; G.W. Ryan; John Whitted; Elmer Whitted.</subfield></datafield><datafield ind1=" " ind2=" " tag="580"><subfield code="a">Published also from 1889 in a daily edition called: Daily reporter (Martinsville, Ind.)</subfield></datafield><datafield ind1=" " ind2=" " tag="500"><subfield code="a">"Republican."</subfield></datafield><datafield ind1=" " ind2=" " tag="752"><subfield code="a">United States</subfield><subfield code="b">Indiana</subfield><subfield code="c">Morgan</subfield><subfield code="d">Martinsville.</subfield></datafield><datafield ind1="1" ind2=" " tag="775"><subfield code="t">Daily reporter (Martinsville, Ind.)</subfield><subfield code="w">(DLC)sn 86058502</subfield></datafield><datafield ind1="0" ind2="0" tag="780"><subfield code="t">Morgan County Republican (Martinsville, Ind.)</subfield><subfield code="w">(DLC)sn 84027489</subfield></datafield></record>